@article{vigolo-stone-rsc-2014,
	author ="Vigolo, Daniele and Al-Housseiny, Talal T. and Shen, Yi and Akinlawon, Fiyinfoluwa O. and Al-Housseiny, Saif T. and Hobson, Ronald K. and Sahu, Amaresh and Bedkowski, Katherine I. and DiChristina, Thomas J. and Stone, Howard A.",
	title  ="Flow dependent performance of microfluidic microbial fuel cells",
	journal  ="Phys. Chem. Chem. Phys.",
	year  ="2014",
	volume  ="16",
	pages  ="12535-12543",
	publisher  ="The Royal Society of Chemistry",
}
