
@book{prigogine,
   author = {Prigogine, I.},
   title = {Introduction to Thermodynamics of Irreversible Processes},
   publisher = {Interscience Publishers},
   year = {1967},
   address = {New York},
   edition = {3},
}

@article{sahu-mandadapu-pre-2020,
	title = {Geometry and dynamics of lipid membranes: {T}he {S}criven--{L}ove number},
	author = {Sahu, A. and Glisman, A. and Tchoufag, J. and Mandadapu, K. K.},
	journal = {Phys.\ Rev.\ E},
	year = {2020},
	volume = {101},
	pages = {052401},
	archivePrefix = {arXiv},
	eprint = {1910.10693},
	doi = {10.1103/PhysRevE.101.052401},
}



