


@article{sahu-mandadapu-pre-2017,
	title = {Irreversible thermodynamics of curved lipid membranes},
	author = {Sahu, Amaresh and Sauer, Roger A. and Mandadapu, Kranthi K.},
	journal = {Phys. Rev. E},
	volume = {96},
	issue = {4},
	pages = {042409},
	year = {2017},
}


