


@article{sahu-mandadapu-pre-2020,
	title = {Geometry and dynamics of lipid membranes: {T}he {S}criven--{L}ove number},
	author = {Sahu, Amaresh and Glisman, Alec and Tchoufag, Jo\"el and Mandadapu, Kranthi K.},
	journal = {Phys. Rev. E},
	year = {2020},
	volume = {101},
	pages = {052401},
	url = {https://doi.org/10.1103/PhysRevE.101.052401},
	archivePrefix = {arXiv},
	eprint = {1910.10693},
	doi = {10.1103/PhysRevE.101.052401},
}



